#Get these entries through export from google scholar.
@article{granholm2013determining,
  title={Determining the calibration of confidence estimation procedures for unique peptides in shotgun proteomics},
  author={Granholm, Viktor and Navarro, Jos{\'e} Fern{\'a}ndez and Noble, William Stafford and K{\"a}ll, Lukas},
  journal={Journal of {P}roteomics},
  volume={80},
  pages={123--131},
  year={2013},
  publisher={Elsevier}
}


@article{limma,
    author = {Ritchie, Matthew E. and Phipson, Belinda and Wu, Di and Hu, Yifang and Law, Charity W. and Shi, Wei and Smyth, Gordon K.},
    title = "{limma powers differential expression analyses for RNA-sequencing and microarray studies}",
    journal = {Nucleic Acids Research},
    volume = {43},
    number = {7},
    pages = {e47-e47},
    year = {2015},
    month = {01},
    abstract = "{limma is an R/Bioconductor software package that provides an integrated solution for analysing data from gene expression experiments. It contains rich features for handling complex experimental designs and for information borrowing to overcome the problem of small sample sizes. Over the past decade, limma has been a popular choice for gene discovery through differential expression analyses of microarray and high-throughput PCR data. The package contains particularly strong facilities for reading, normalizing and exploring such data. Recently, the capabilities of limma have been significantly expanded in two important directions. First, the package can now perform both differential expression and differential splicing analyses of RNA sequencing (RNA-seq) data. All the downstream analysis tools previously restricted to microarray data are now available for RNA-seq as well. These capabilities allow users to analyse both RNA-seq and microarray data with very similar pipelines. Second, the package is now able to go past the traditional gene-wise expression analyses in a variety of ways, analysing expression profiles in terms of co-regulated sets of genes or in terms of higher-order expression signatures. This provides enhanced possibilities for biological interpretation of gene expression differences. This article reviews the philosophy and design of the limma package, summarizing both new and historical features, with an emphasis on recent enhancements and features that have not been previously described.}",
    issn = {0305-1048},
    doi = {10.1093/nar/gkv007},
    url = {https://doi.org/10.1093/nar/gkv007},
    eprint = {https://academic.oup.com/nar/article-pdf/43/7/e47/7207289/gkv007.pdf},
}

@article{demichev2020dia,
  title={{DIA-NN}: neural networks and interference correction enable deep proteome coverage in high throughput},
  author={Demichev, Vadim and Messner, Christoph B and Vernardis, Spyros I and Lilley, Kathryn S and Ralser, Markus},
  journal={Nature {M}ethods},
  volume={17},
  number={1},
  pages={41--44},
  year={2020},
  publisher={Nature Publishing Group}
}

@article{stewart2017relative,
  title={Relative protein quantification and accessible biology in lung tumor proteomes from four LC-MS/MS discovery platforms},
  author={Stewart, Paul A and Fang, Bin and Slebos, Robbert JC and Zhang, Guolin and Borne, Adam L and Fellows, Katherine and Teer, Jamie K and Chen, Y Ann and Welsh, Eric and Eschrich, Steven A and others},
  journal={Proteomics},
  volume={17},
  number={6},
  pages={1600300},
  year={2017},
  publisher={Wiley Online Library}
}
@article{gao2021data,
  title={Data-independent acquisition-based proteome and phosphoproteome profiling across six melanoma cell lines reveals determinants of proteotypes},
  author={Gao, Erli and Li, Wenxue and Wu, Chongde and Shao, Wenguang and Di, Yi and Liu, Yansheng},
  journal={Molecular Omics},
  volume={17},
  number={3},
  pages={413--425},
  year={2021},
  publisher={Royal Society of Chemistry}
}
@article{hulstaert2019thermorawfileparser,
  title={ThermoRawFileParser: modular, scalable, and cross-platform RAW file conversion},
  author={Hulstaert, Niels and Shofstahl, Jim and Sachsenberg, Timo and Walzer, Mathias and Barsnes, Harald and Martens, Lennart and Perez-Riverol, Yasset},
  journal={Journal of {P}roteome {R}esearch},
  volume={19},
  number={1},
  pages={537--542},
  year={2019},
  publisher={ACS Publications}
}

@article{YANG2022104682,
  title = {Quantitative proteomic analysis of oxaliplatin induced peripheral neurotoxicity},
  journal = {Journal of {P}roteomics},
  volume = {266},
  pages = {104682},
  year = {2022},
  issn = {1874-3919},
  doi = {https://doi.org/10.1016/j.jprot.2022.104682},
  url = {https://www.sciencedirect.com/science/article/pii/S1874391922002068},
  author = {Linlin Yang and Hua Wang and Wanting Lu and Gangqi Yang and Zian Lin and Ruibing Chen and Hongyan Li},
  keywords = {Oxaliplatin, Peripheral neurotoxicity, Quantitative proteomics, ROS, Metabolism}
}

@article{bondarenko2002identification,
  title={Identification and relative quantitation of protein mixtures by enzymatic digestion followed by capillary reversed-phase liquid chromatography- tandem mass spectrometry},
  author={Bondarenko, Pavel V and Chelius, Dirk and Shaler, Thomas A},
  journal={Analytical {C}hemistry},
  volume={74},
  number={18},
  pages={4741--4749},
  year={2002},
  publisher={ACS Publications}
}
@article{bantscheff2007quantitative,
  title={Quantitative mass spectrometry in proteomics: a critical review},
  author={Bantscheff, Marcus and Schirle, Markus and Sweetman, Gavain and Rick, Jens and Kuster, Bernhard},
  journal={Analytical and bioanalytical {C}hemistry},
  volume={389},
  number={4},
  pages={1017--1031},
  year={2007},
  publisher={Springer}
}
@article{kall2011computational,
  title={Computational mass spectrometry--based proteomics},
  author={K{\"a}ll, Lukas and Vitek, Olga},
  journal={{PLoS Computational Biology}},
  volume={7},
  number={12},
  pages={e1002277},
  year={2011},
  publisher={Public Library of Science San Francisco, USA}
}

@article{blattmann2016swath2stats,
  title={SWATH2stats: an R/bioconductor package to process and convert quantitative SWATH-MS proteomics data for downstream analysis tools},
  author={Blattmann, Peter and Heusel, Moritz and Aebersold, Ruedi},
  journal={PloS one},
  volume={11},
  number={4},
  pages={e0153160},
  year={2016},
  publisher={Public Library of Science San Francisco, CA USA}
}


@article{plubell2022can,
  title={Ctitle={Putting Humpty Dumpty back together again: What does protein quantification mean in bottom-up proteomics?},
  author={Plubell, Deanna L and K{\"a}ll, Lukas and Webb-Robertson, Bobbie-Jo and Bramer, Lisa and Ives, Ashley and Kelleher, Neil L and Smith, Lloyd M and Montine, Thomas J and Wu, Christine C and MacCoss, Michael J},
  journal={Journal of {P}roteome {R}esearch},
  volume={21},
  number={4},
  pages={891--898},
  year={2022},
  publisher={ACS Publications}
}


@article{korthauer2019practical,
  title={A practical guide to methods controlling false discoveries in computational biology},
  author={Korthauer, Keegan and Kimes, Patrick K and Duvallet, Claire and Reyes, Alejandro and Subramanian, Ayshwarya and Teng, Mingxiang and Shukla, Chinmay and Alm, Eric J and Hicks, Stephanie C},
  journal={Genome biology},
  volume={20},
  number={1},
  pages={1--21},
  year={2019},
  publisher={BioMed Central}
}


@article{benjamini1995controlling,
  title={Controlling the false discovery rate: a practical and powerful approach to multiple testing},
  author={Benjamini, Yoav and Hochberg, Yosef},
  journal={Journal of the Royal statistical society: series B (Methodological)},
  volume={57},
  number={1},
  pages={289--300},
  year={1995},
  publisher={Wiley Online Library}
}


@article{demichev2020dia,
  title={DIA-NN: neural networks and interference correction enable deep proteome coverage in high throughput},
  author={Demichev, Vadim and Messner, Christoph B and Vernardis, Spyros I and Lilley, Kathryn S and Ralser, Markus},
  journal={Nature {M}ethods},
  volume={17},
  number={1},
  pages={41--44},
  year={2020},
  publisher={Nature Publishing Group}
}


@article{reiter2011mprophet,
  title={mProphet: automated data processing and statistical validation for large-scale SRM experiments},
  author={Reiter, Lukas and Rinner, Oliver and Picotti, Paola and H{\"u}ttenhain, Ruth and Beck, Martin and Brusniak, Mi-Youn and Hengartner, Michael O and Aebersold, Ruedi},
  journal={Nature {M}ethods},
  volume={8},
  number={5},
  pages={430--435},
  year={2011},
  publisher={Nature Publishing Group}
}

@article{the2021triqler,
  title={Triqler for {MaxQuant}: Enhancing Results from {MaxQuant} by {B}ayesian Error Propagation and Integration},
  author={The, Matthew and K\"{a}ll, Lukas},
  journal={Journal of {P}roteome {R}esearch},
  volume={20},
  number={4},
  pages={2062--2068},
  year={2021},
  publisher={ACS Publications}
}
@article{bilbao2015processing,
  title={Processing strategies and software solutions for data-independent acquisition in mass spectrometry},
  author={Bilbao, Aivett and Varesio, Emmanuel and Luban, Jeremy and Strambio-De-Castillia, Caterina and Hopfgartner, G{\'e}rard and M{\"u}ller, Markus and Lisacek, Frederique},
  journal={Proteomics},
  volume={15},
  number={5-6},
  pages={964--980},
  year={2015},
  publisher={Wiley Online Library}
}



@misc{easypqp,
  title = {{EasyPQP}:Simple library generation for OpenSWATH},
  howpublished = {\url{https://github.com/grosenberger/easypqp}},
  note = {Accessed: 2021-09-03}
}



@article{rost2016tric,
  title={TRIC: an automated alignment strategy for reproducible protein quantification in targeted proteomics},
  author={R{\"o}st, Hannes L and Liu, Yansheng and D'Agostino, Giuseppe and Zanella, Matteo and Navarro, Pedro and Rosenberger, George and Collins, Ben C and Gillet, Ludovic and Testa, Giuseppe and Malmstr{\"o}m, Lars and others},
  journal={Nature {M}ethods},
  volume={13},
  number={9},
  pages={777--783},
  year={2016},
  publisher={Nature Publishing Group}
}

@article{kong2017msfragger,
  title={MSFragger: ultrafast and comprehensive peptide identification in mass spectrometry--based proteomics},
  author={Kong, Andy T and Leprevost, Felipe V and Avtonomov, Dmitry M and Mellacheruvu, Dattatreya and Nesvizhskii, Alexey I},
  journal={Nature {M}ethods},
  volume={14},
  number={5},
  pages={513--520},
  year={2017},
  publisher={Nature Publishing Group}
}

@article{teleman2015diana,
  title={DIANA—algorithmic improvements for analysis of data-independent acquisition MS data},
  author={Teleman, Johan and R{\"o}st, Hannes L and Rosenberger, George and Schmitt, Uwe and Malmstr{\"o}m, Lars and Malmstr{\"o}m, Johan and Levander, Fredrik},
  journal={Bioinformatics},
  volume={31},
  number={4},
  pages={555--562},
  year={2015},
  publisher={Oxford University Press}
}

@article{lazar2016accounting,
  title={Accounting for the multiple natures of missing values in label-free quantitative proteomics data sets to compare imputation strategies},
  author={Lazar, Cosmin and Gatto, Laurent and Ferro, Myriam and Bruley, Christophe and Burger, Thomas},
  journal={Journal of {P}roteome {R}esearch},
  volume={15},
  number={4},
  pages={1116--1125},
  year={2016},
  publisher={ACS Publications}
}

@article{koopmans2014empirical,
  title={Empirical Bayesian random censoring threshold model improves detection of differentially abundant proteins},
  author={Koopmans, Frank and Cornelisse, L Niels and Heskes, Tom and Dijkstra, Tjeerd MH},
  journal={Journal of {P}roteome {R}esearch},
  volume={13},
  number={9},
  pages={3871--3880},
  year={2014},
  publisher={ACS Publications}
}

@article{zhang2017covariation,
  title={Covariation of peptide abundances accurately reflects protein concentration differences},
  author={Zhang, Bo and Pirmoradian, Mohammad and Zubarev, Roman and K{\"a}ll, Lukas},
  journal={Molecular \& {C}ellular {P}roteomics},
  volume={16},
  number={5},
  pages={936--948},
  year={2017},
  publisher={ASBMB}
}


@article{webb2010combined,
  title={Combined statistical analyses of peptide intensities and peptide occurrences improves identification of significant peptides from MS-based proteomics data},
  author={Webb-Robertson, Bobbie-Jo M and McCue, Lee Ann and Waters, Katrina M and Matzke, Melissa M and Jacobs, Jon M and Metz, Thomas O and Varnum, Susan M and Pounds, Joel G},
  journal={Journal of {P}roteome {R}esearch},
  volume={9},
  number={11},
  pages={5748--5756},
  year={2010},
  publisher={ACS Publications}
}

@article{karpievitch2009statistical,
  title={A statistical framework for protein quantitation in bottom-up MS-based proteomics},
  author={Karpievitch, Yuliya and Stanley, Jeff and Taverner, Thomas and Huang, Jianhua and Adkins, Joshua N and Ansong, Charles and Heffron, Fred and Metz, Thomas O and Qian, Wei-Jun and Yoon, Hyunjin and others},
  journal={Bioinformatics},
  volume={25},
  number={16},
  pages={2028--2034},
  year={2009},
  publisher={Oxford University Press}
}

@inproceedings{bernhardt2015extending,
  title={Extending the limits of quantitative proteome profiling with data-independent acquisition and application to acetaminophen-treated three-dimensional liver microtissues},
  author={Bernhardt, Oliver M and Tejas, G},
  booktitle={Mol. {C}ell {P}roteomics},
  year={2015}
}

@article{lazar2016accounting,
  title={Accounting for the multiple natures of missing values in label-free quantitative proteomics data sets to compare imputation strategies},
  author={Lazar, Cosmin and Gatto, Laurent and Ferro, Myriam and Bruley, Christophe and Burger, Thomas},
  journal={Journal of {P}roteome {R}esearch},
  volume={15},
  number={4},
  pages={1116--1125},
  year={2016},
  publisher={ACS Publications}
}


@article{webb2015review,
  title={Review, evaluation, and discussion of the challenges of missing value imputation for mass spectrometry-based label-free global proteomics},
  author={Webb-Robertson, Bobbie-Jo M and Wiberg, Holli K and Matzke, Melissa M and Brown, Joseph N and Wang, Jing and McDermott, Jason E and Smith, Richard D and Rodland, Karin D and Metz, Thomas O and Pounds, Joel G and others},
  journal={Journal of {P}roteome {R}esearch},
  volume={14},
  number={5},
  pages={1993--2001},
  year={2015},
  publisher={ACS Publications}
}


@inproceedings{von2002variance,
  title={Variance stabilization and robust normalization for microarray gene expression data},
  author={von Heydebreck, Anja and Huber, Wolfgang and Poustka, Annemarie and Vingron, Martin},
  booktitle={Compstat},
  pages={623--628},
  year={2002},
  organization={Springer}
}


@article{gatto2012msnbase,
  title={MSnbase-an R/Bioconductor package for isobaric tagged mass spectrometry data visualization, processing and quantitation},
  author={Gatto, Laurent and Lilley, Kathryn S},
  journal={Bioinformatics},
  volume={28},
  number={2},
  pages={288--289},
  year={2012},
  publisher={Oxford University Press}
}


@article{goeminne2020msqrob,
  title={MSqRob takes the missing hurdle: uniting intensity-and count-based proteomics},
  author={Goeminne, Ludger JE and Sticker, Adriaan and Martens, Lennart and Gevaert, Kris and Clement, Lieven},
  journal={Analytical {C}hemistry},
  volume={92},
  number={9},
  pages={6278--6287},
  year={2020},
  publisher={ACS Publications}
}


@article{sticker2020robust,
  title={Robust summarization and inference in proteome-wide label-free quantification},
  author={Sticker, Adriaan and Goeminne, Ludger and Martens, Lennart and Clement, Lieven},
  journal={Molecular \& {C}ellular {P}roteomics},
  volume={19},
  number={7},
  pages={1209--1219},
  year={2020},
  publisher={ASBMB}
}


@article{choi2014msstats,
  title={MSstats: an R package for statistical analysis of quantitative mass spectrometry-based proteomic experiments},
  author={Choi, Meena and Chang, Ching-Yun and Clough, Timothy and Broudy, Daniel and Killeen, Trevor and MacLean, Brendan and Vitek, Olga},
  journal={Bioinformatics},
  volume={30},
  number={17},
  pages={2524--2526},
  year={2014},
  publisher={Oxford University Press}
}


@article{zhang2018proteome,
  title={Proteome-wide identification of ubiquitin interactions using UbIA-MS},
  author={Zhang, Xiaofei and Smits, Arne H and van Tilburg, Gabrielle BA and Ovaa, Huib and Huber, Wolfgang and Vermeulen, Michiel},
  journal={Nature protocols},
  volume={13},
  number={3},
  pages={530--550},
  year={2018},
  publisher={Nature Publishing Group}
}

@article{cox2014accurate,
  title={Accurate proteome-wide label-free quantification by delayed normalization and maximal peptide ratio extraction, termed {MaxLFQ}},
  author={Cox, J{\"u}rgen and Hein, Marco Y and Luber, Christian A and Paron, Igor and Nagaraj, Nagarjuna and Mann, Matthias},
  journal={Molecular \& {C}ellular {P}roteomics},
  volume={13},
  number={9},
  pages={2513--2526},
  year={2014},
  publisher={ASBMB}
}


@article{silva2006absolute,
  title={Absolute Quantification of Proteins by {LCMSE}: A Virtue of Parallel {MS} Acquisitions},
  author={Silva, Jeffrey C and Gorenstein, Marc V and Li, Guo-Zhong and Vissers, Johannes PC and Geromanos, Scott J},
  journal={Molecular \& {C}ellular {P}roteomics},
  volume={5},
  number={1},
  pages={144--156},
  year={2006},
  publisher={ASBMB}
}


@article{goeminne2015summarization,
  title={Summarization vs peptide-based models in label-free quantitative proteomics: performance, pitfalls, and data analysis guidelines},
  author={Goeminne, Ludger JE and Argentini, Andrea and Martens, Lennart and Clement, Lieven},
  journal={Journal of {P}roteome {R}esearch},
  volume={14},
  number={6},
  pages={2457--2465},
  year={2015},
  publisher={ACS Publications}
}


@article{searle2020generating,
  title={Generating high quality libraries for DIA MS with empirically corrected peptide predictions},
  author={Searle, Brian C and Swearingen, Kristian E and Barnes, Christopher A and Schmidt, Tobias and Gessulat, Siegfried and K{\"u}ster, Bernhard and Wilhelm, Mathias},
  journal={Nature communications},
  volume={11},
  number={1},
  pages={1--10},
  year={2020},
  publisher={Nature Publishing Group}
}


@article{bruderer2015extending,
  title={Extending the Limits of Quantitative Proteome Profiling with Data-Independent Acquisition and Application to Acetaminophen-Treated Three-Dimensional Liver Microtissues*[S]},
  author={Bruderer, Roland and Bernhardt, Oliver M and Gandhi, Tejas and Miladinovi{\'c}, Sa{\v{s}}a M and Cheng, Lin-Yang and Messner, Simon and Ehrenberger, Tobias and Zanotelli, Vito and Butscheid, Yulia and Escher, Claudia and others},
  journal={Molecular \& {C}ellular {P}roteomics},
  volume={14},
  number={5},
  pages={1400--1410},
  year={2015},
  publisher={ASBMB}
}


@article{maclean2010skyline,
  title={Skyline: an open source document editor for creating and analyzing targeted proteomics experiments},
  author={MacLean, Brendan and Tomazela, Daniela M and Shulman, Nicholas and Chambers, Matthew and Finney, Gregory L and Frewen, Barbara and Kern, Randall and Tabb, David L and Liebler, Daniel C and MacCoss, Michael J},
  journal={Bioinformatics},
  volume={26},
  number={7},
  pages={966--968},
  year={2010},
  publisher={Oxford University Press}
}


@article{rost2014openswath,
  title={OpenSWATH enables automated, targeted analysis of data-independent acquisition MS data},
  author={R{\"o}st, Hannes L and Rosenberger, George and Navarro, Pedro and Gillet, Ludovic and Miladinovi{\'c}, Sa{\v{s}}a M and Schubert, Olga T and Wolski, Witold and Collins, Ben C and Malmstr{\"o}m, Johan and Malmstr{\"o}m, Lars and others},
  journal={Nature biotechnology},
  volume={32},
  number={3},
  pages={219--223},
  year={2014},
  publisher={Nature Publishing Group}
}


@article{faircomparison2015,
  title={The difficulty of a fair comparison},
  author={},
  journal={Nature {M}ethods},
  volume={12},
  number={273},
  pages={},
  year={2015},
  publisher={Nature}
}


@article{pak2013clustering,
  title={Clustering and filtering tandem mass spectra acquired in data-independent mode},
  author={Pak, Huisong and Nikitin, Frederic and Gluck, Florent and Lisacek, Frederique and Scherl, Alexander and Muller, Markus},
  journal={Journal of The American Society for Mass Spectrometry},
  volume={24},
  number={12},
  pages={1862--1871},
  year={2013},
  publisher={ACS Publications}
}


@article{leprevost2014best,
  title={On best practices in the development of bioinformatics software},
  author={Leprevost, Felipe da Veiga and Barbosa, Valmir C and Francisco, Eduardo L and Perez-Riverol, Yasset and Carvalho, Paulo C},
  journal={Frontiers in genetics},
  volume={5},
  pages={199},
  year={2014},
  publisher={Frontiers}
}


@article{yates2012toward,
  title={Toward objective evaluation of proteomic algorithms},
  author={Yates, John R and Park, Sung Kyu Robin and Delahunty, Claire M and Xu, Tao and Savas, Jeffrey N and Cociorva, Daniel and Carvalho, Paulo Costa},
  journal={Nature {M}ethods},
  volume={9},
  number={5},
  pages={455--456},
  year={2012},
  publisher={Nature Publishing Group}
}


@article{dufresne2014abrf,
  title={ABRF research group development and characterization of a proteomics normalization standard consisting of 1,000 stable isotope labeled peptides},
  author={Dufresne, Craig and Hawke, David and Ivanov, Alexander R and Koller, Antonius and MacLean, Brendan and Phinney, Brett and Rose, Kristie and Rudnick, Paul and Searle, Brian and Shaffer, Scott and others},
  journal={Journal of Biomolecular Techniques: JBT},
  volume={25},
  number={Suppl},
  pages={S1},
  year={2014},
  publisher={The Association of Biomolecular Resource Facilities}
}


@article{navarro2016multicenter,
  title={A multicenter study benchmarks software tools for label-free proteome quantification},
  author={Navarro, Pedro and Kuharev, J{\"o}rg and Gillet, Ludovic C and Bernhardt, Oliver M and MacLean, Brendan and R{\"o}st, Hannes L and Tate, Stephen A and Tsou, Chih-Chiang and Reiter, Lukas and Distler, Ute and others},
  journal={Nature biotechnology},
  volume={34},
  number={11},
  pages={1130--1136},
  year={2016},
  publisher={Nature Publishing Group}
}


@article{gatto2016testing,
  title={Testing and validation of computational methods for mass spectrometry},
  author={Gatto, Laurent and Hansen, Kasper D and Hoopmann, Michael R and Hermjakob, Henning and Kohlbacher, Oliver and Beyer, Andreas},
  journal={Journal of {P}roteome {R}esearch},
  volume={15},
  number={3},
  pages={809--814},
  year={2016},
  publisher={ACS Publications}
}


@article{michalski2011more,
  title={More than 100,000 detectable peptide species elute in single shotgun proteomics runs but the majority is inaccessible to data-dependent LC- MS/MS},
  author={Michalski, Annette and Cox, Juergen and Mann, Matthias},
  journal={Journal of {P}roteome {R}esearch},
  volume={10},
  number={4},
  pages={1785--1793},
  year={2011},
  publisher={ACS Publications}
}


@article{li2009database,
  title={Database searching and accounting of multiplexed precursor and product ion spectra from the data independent analysis of simple and complex peptide mixtures},
  author={Li, Guo-Zhong and Vissers, Johannes PC and Silva, Jeffrey C and Golick, Dan and Gorenstein, Marc V and Geromanos, Scott J},
  journal={Proteomics},
  volume={9},
  number={6},
  pages={1696--1719},
  year={2009},
  publisher={Wiley Online Library}
}


@article{liu2004model,
  title={A model for random sampling and estimation of relative protein abundance in shotgun proteomics},
  author={Liu, Hongbin and Sadygov, Rovshan G and Yates, John R},
  journal={Analytical {C}hemistry},
  volume={76},
  number={14},
  pages={4193--4201},
  year={2004},
  publisher={ACS Publications}
}


@article{geiger2010proteomics,
  title={Proteomics on an Orbitrap benchtop mass spectrometer using all-ion fragmentation},
  author={Geiger, Tamar and Cox, Juergen and Mann, Matthias},
  journal={Molecular \& {C}ellular {P}roteomics},
  volume={9},
  number={10},
  pages={2252--2261},
  year={2010},
  publisher={ASBMB}
}


@article{gillet2012targeted,
  title={Targeted data extraction of the MS/MS spectra generated by data-independent acquisition: a new concept for consistent and accurate proteome analysis},
  author={Gillet, Ludovic C and Navarro, Pedro and Tate, Stephen and R\"{o}st, Hannes and Selevsek, Nathalie and Reiter, Lukas and Bonner, Ron and Aebersold, Ruedi},
  journal={Molecular \& {C}ellular {P}roteomics},
  volume={11},
  number={6},
  year={2012},
  publisher={ASBMB}
}

@article{geromanos2012using,
  title={Using ion purity scores for enhancing quantitative accuracy and precision in complex proteomics samples},
  author={Geromanos, Scott J and Hughes, Chris and Ciavarini, Steven and Vissers, Johannes PC and Langridge, James I},
  journal={Analytical and {B}ioanalytical {C}hemistry},
  volume={404},
  number={4},
  pages={1127--1139},
  year={2012},
  publisher={Springer}
}



@article{serang2012recognizing,
  title={Recognizing uncertainty increases robustness and reproducibility of mass spectrometry-based protein inferences},
  author={Serang, Oliver and Moruz, Luminita and Hoopmann, Michael R and K\"{a}ll, Lukas},
  journal={Journal of {P}roteome {R}esearch},
  volume={11},
  number={12},
  pages={5586--5591},
  year={2012},
  publisher={ACS Publications}
}


@article{nesvizhskii2005interpretation,
  title={Interpretation of shotgun proteomic data},
  author={Nesvizhskii, Alexey I and Aebersold, Ruedi},
  journal={Molecular \& {C}ellular {P}roteomics},
  volume={4},
  number={10},
  pages={1419--1440},
  year={2005},
  publisher={ASBMB}
}



@article{zhang2020DIA,
  title={Data-Independent Acquisition Mass Spectrometry-Based Proteomics and Software Tools: A Glimpse in 2020},
  author={Zhang, F., and Ge, W., and Ruan, G., and Cai X., and Guo, T.},
  journal={Proteomics},
  volume={20},
  number={17-18},
  year={2020}
}

@article{Lu2021DIAmeter,
  title={DIAmeter: Matching peptides to data-independent acquisition mass spectrometry data},
  author={Lu Y.Y., and Bilmes, J., and Rodriguez-Mias R.A., and Villén, J., and Noble. W.S.},
  journal={bioRxiv},
  volume={},
  number={},
  pages={},
  year={2021}
}

@article{the2019integrated,
  title={Integrated identification and quantification error probabilities for shotgun proteomics},
  author={The, Matthew and K{\"a}ll, Lukas},
  journal={Molecular \& {C}ellular {P}roteomics},
  volume={18},
  number={3},
  pages={561--570},
  year={2019},
  publisher={Elsevier}
}
@article{The2018Integrated,
  title={Integrated identification and quantification error probabilities for shotgun proteomics},
  author={The, Matthew and K{\"a}ll, Lukas},
  journal={biorxiv},
}

@article{venable2004automated,
  title={Automated approach for quantitative analysis of complex peptide mixtures from tandem mass spectra},
  author={Venable, John D and Dong, Meng-Qiu and Wohlschlegel, James and Dillin, Andrew and Yates, John R},
  journal={Nature {M}ethods},
  volume={1},
  number={1},
  pages={39--45},
  year={2004},
  publisher={Nature Publishing Group}
}

#


@article{altman2018curse,
  title={The curse (s) of dimensionality},
  author={Altman, Naomi and Krzywinski, Martin},
  journal={Nat {M}ethods},
  volume={15},
  number={6},
  pages={399--400},
  year={2018}
}
@article{anaya2016oncolnc,
  title={{OncoLnc}: linking {TCGA} survival data to {mRNAs, miRNAs, and lncRNAs}},
  author={Anaya, Jordan},
  journal={PeerJ Computer Science},
  volume={2},
  pages={e67},
  year={2016},
  publisher={PeerJ Inc.}
}
@article{hanahan2000hallmarks,
  title={The hallmarks of cancer},
  author={Hanahan, Douglas and Weinberg, Robert A},
  journal={cell},
  volume={100},
  number={1},
  pages={57--70},
  year={2000},
  publisher={Elsevier}
}
@article{hanahan2011hallmarks,
  title={Hallmarks of cancer: the next generation},
  author={Hanahan, Douglas and Weinberg, Robert A},
  journal={cell},
  volume={144},
  number={5},
  pages={646--674},
  year={2011},
  publisher={Elsevier}
}
@article{prat2011deconstructing,
  title={Deconstructing the molecular portraits of breast cancer},
  author={Prat, Aleix and Perou, Charles M},
  journal={Molecular oncology},
  volume={5},
  number={1},
  pages={5--23},
  year={2011},
  publisher={Elsevier}
}
@article{scikit-learn,
 title={Scikit-learn: Machine Learning in {P}ython},
 author={Pedregosa, F. and Varoquaux, G. and Gramfort, A. and Michel, V.
         and Thirion, B. and Grisel, O. and Blondel, M. and Prettenhofer, P.
         and Weiss, R. and Dubourg, V. and Vanderplas, J. and Passos, A. and
         Cournapeau, D. and Brucher, M. and Perrot, M. and Duchesnay, E.},
 journal={Journal of Machine Learning Research},
 volume={12},
 pages={2825--2830},
 year={2011}
}
@incollection{wall2003singular,
  title={Singular value decomposition and principal component analysis},
  author={Wall, Michael E and Rechtsteiner, Andreas and Rocha, Luis M},
  booktitle={A practical approach to microarray data analysis},
  pages={91--109},
  year={2003},
  publisher={Springer}
}
@software{cameron_davidson_pilon_2021_4457577,
  author       = {Cameron Davidson-Pilon and
                  Jonas Kalderstam and
                  Noah Jacobson and
                  Sean Reed and
                  Ben Kuhn and
                  Paul Zivich and
                  Mike Williamson and
                  AbdealiJK and
                  Deepyaman Datta and
                  Andrew Fiore-Gartland and
                  Alex Parij and
                  Daniel WIlson and
                  Gabriel and
                  Luis Moneda and
                  Arturo Moncada-Torres and
                  Kyle Stark and
                  Harsh Gadgil and
                  Jona and
                  Karthikeyan Singaravelan and
                  Lilian Besson and
                  Miguel Sancho Peña and
                  Steven Anton and
                  Andreas Klintberg and
                  GrowthJeff and
                  Javad Noorbakhsh and
                  Matthew Begun and
                  Ravin Kumar and
                  Sean Hussey and
                  Skipper Seabold and
                  Dave Golland},
  title        = {CamDavidsonPilon/lifelines: v0.25.8},
  month        = jan,
  year         = 2021,
  publisher    = {Zenodo},
  version      = {v0.25.8},
  doi          = {10.5281/zenodo.4457577},
  url          = {https://doi.org/10.5281/zenodo.4457577}
}
@article{parker2009supervised,
  title={Supervised risk predictor of breast cancer based on intrinsic subtypes},
  author={Parker, Joel S and Mullins, Michael and Cheang, Maggie CU and Leung, Samuel and Voduc, David and Vickery, Tammi and Davies, Sherri and Fauron, Christiane and He, Xiaping and Hu, Zhiyuan and others},
  journal={Journal of clinical oncology},
  volume={27},
  number={8},
  pages={1160},
  year={2009},
  publisher={American Society of Clinical Oncology}
}
@article{scholzen2000ki,
  title={The Ki-67 protein: from the known and the unknown},
  author={Scholzen, Thomas and Gerdes, Johannes},
  journal={Journal of cellular physiology},
  volume={182},
  number={3},
  pages={311--322},
  year={2000},
  publisher={Wiley Online Library}
}
@article{goeman2007analyzing,
  title={Analyzing gene expression data in terms of gene sets: methodological issues},
  author={Goeman, Jelle J and B{\"u}hlmann, Peter},
  journal={Bioinformatics},
  volume={23},
  number={8},
  pages={980--987},
  year={2007},
  publisher={Oxford University Press}
}
@article{edelman2006analysis,
  title={Analysis of sample set enrichment scores: assaying the enrichment of sets of genes for individual samples in genome-wide expression profiles},
  author={Edelman, Elena and Porrello, Alessandro and Guinney, Justin and Balakumaran, Bala and Bild, Andrea and Febbo, Phillip G and Mukherjee, Sayan},
  journal={Bioinformatics},
  volume={22},
  number={14},
  pages={e108--e116},
  year={2006},
  publisher={Oxford University Press}
}
@article{drier2013pathway,
  title={Pathway-based personalized analysis of cancer},
  author={Drier, Yotam and Sheffer, Michal and Domany, Eytan},
  journal={Proceedings of the National Academy of Sciences},
  volume={110},
  number={16},
  pages={6388--6393},
  year={2013},
  publisher={National Acad Sciences}
}
@article{hanzelmann2013gsva,
  title={GSVA: gene set variation analysis for microarray and RNA-seq data},
  author={H{\"a}nzelmann, Sonja and Castelo, Robert and Guinney, Justin},
  journal={BMC bioinformatics},
  volume={14},
  number={1},
  pages={1--15},
  year={2013},
  publisher={Springer}
}
@article{uhlen2017pathology,
  title={A pathology atlas of the human cancer transcriptome},
  author={Uhlen, Mathias and Zhang, Cheng and Lee, Sunjae and Sj\"{o}stedt, Evelina and Fagerberg, Linn and Bidkhori, Gholamreza and Benfeitas, Rui and Arif, Muhammad and Liu, Zhengtao and Edfors, Fredrik and others},
  journal={Science},
  volume={357},
  number={6352},
  pages={eaan2507},
  year={2017},
  publisher={American Association for the Advancement of Science}
}
@article{tavazoie1999systematic,
  title={Systematic determination of genetic network architecture},
  author={Tavazoie, Saeed and Hughes, Jason D and Campbell, Michael J and Cho, Raymond J and Church, George M},
  journal={Nature genetics},
  volume={22},
  number={3},
  pages={281},
  year={1999},
  publisher={Nature Publishing Group}
}
@article{subramanian2005gene,
  title={Gene set enrichment analysis: a knowledge-based approach for interpreting genome-wide expression profiles},
  author={Subramanian, Aravind and Tamayo, Pablo and Mootha, Vamsi K and Mukherjee, Sayan and Ebert, Benjamin L and Gillette, Michael A and Paulovich, Amanda and Pomeroy, Scott L and Golub, Todd R and Lander, Eric S and others},
  journal={{Proceedings of the National Academy of Sciences}},
  volume={102},
  number={43},
  pages={15545--15550},
  year={2005},
  publisher={National Acad Sciences}
}
@article{khatri2012ten,
  title={Ten years of pathway analysis: current approaches and outstanding challenges},
  author={Khatri, Purvesh and Sirota, Marina and Butte, Atul J},
  journal={{PLoS Comput Biol}},
  volume={8},
  number={2},
  pages={e1002375},
  year={2012},
  publisher={Public Library of Science}
}
@article{griss2020reactomegsa,
  title={{ReactomeGSA}-Efficient Multi-Omics Comparative Pathway Analysis},
  author={Griss, Johannes and Viteri, Guilherme and Sidiropoulos, Konstantinos and Nguyen, Vy and Fabregat, Antonio and Hermjakob, Henning},
  journal={{Molecular \& {C}ellular {P}roteomics}},
  volume={19},
  number={12},
  pages={2115--2125},
  year={2020},
  publisher={Elsevier}
}
@article{dennis2003david,
  title={{DAVID}: database for annotation, visualization, and integrated discovery},
  author={Dennis, Glynn and Sherman, Brad T and Hosack, Douglas A and Yang, Jun and Gao, Wei and Lane, H Clifford and Lempicki, Richard A},
  journal={Genome {B}iology},
  volume={4},
  number={9},
  pages={R60},
  year={2003},
  publisher={BioMed Central}
}
@book{aalen2008survival,
  title={Survival and event history analysis: a process point of view},
  author={Aalen, Odd and Borgan, Ornulf and Gjessing, Hakon},
  year={2008},
  publisher={Springer Science \& Business Media}
}
@article{hochreiter2006new,
  title={A new summarization method for {Affymetrix} probe level data},
  author={Hochreiter, Sepp and Clevert, Djork-Arne and Obermayer, Klaus},
  journal={Bioinformatics},
  volume={22},
  number={8},
  pages={943--949},
  year={2006},
  publisher={Oxford University Press}
}
@article{fan2016characterizing,
  title={Characterizing transcriptional heterogeneity through pathway and gene set overdispersion analysis},
  author={Fan, Jean and Salathia, Neeraj and Liu, Rui and Kaeser, Gwendolyn E and Yung, Yun C and Herman, Joseph L and Kaper, Fiona and Fan, Jian-Bing and Zhang, Kun and Chun, Jerold and others},
  journal={Nature {M}ethods},
  volume={13},
  number={3},
  pages={241--244},
  year={2016},
  publisher={Nature Research}
}
@article{zhang2017covariation,
  title={Covariation of Peptide Abundances Accurately Reflects Protein Concentration Differences},
  author={Zhang, Bo and Pirmoradian, Mohammad and Zubarev, Roman and K\"{a}ll, Lukas},
  journal={Molecular \& {C}ellular {P}roteomics},
  volume={16},
  number={5},
  pages={936--948},
  year={2017},
  publisher={ASBMB}
}
@article{weinstein2013cancer,
  title={The cancer genome atlas pan-cancer analysis project},
  author={Weinstein, John N and Collisson, Eric A and Mills, Gordon B and Shaw, Kenna R Mills and Ozenberger, Brad A and Ellrott, Kyle and Shmulevich, Ilya and Sander, Chris and Stuart, Joshua M and Cancer Genome Atlas Research Network and others},
  journal={Nature {G}enetics},
  volume={45},
  number={10},
  pages={1113},
  year={2013},
  publisher={Nature Publishing Group}
}
@article{joshi2005reactome,
  title={Reactome: a knowledgebase of biological pathways},
  author={Joshi-Tope, G and Gillespie, Marc and Vastrik, Imre and D'Eustachio, Peter and Schmidt, Esther and de Bono, Bernard and Jassal, Bijay and Gopinath, GR and Wu, GR and Matthews, Lisa and others},
  journal={{Nucleic Acids Research}},
  volume={33},
  number={suppl\_1},
  pages={D428--D432},
  year={2005},
  publisher={Oxford University Press}
}

@article{dietrich2018drug,
  title={Drug-perturbation-based stratification of blood cancer},
  author={Dietrich, Sascha and Ole{\'s}, Ma{\l}gorzata and Lu, Junyan and Sellner, Leopold and Anders, Simon and Velten, Britta and Wu, Bian and H{\"u}llein, Jennifer and da Silva Liberio, Michelle and Walther, Tatjana and others},
  journal={The Journal of clinical investigation},
  volume={128},
  number={1},
  pages={427--445},
  year={2018},
  publisher={Am Soc Clin Investig}
}
@article{cox1972regression,
  title={Regression models and life-tables (with discussion)},
  author={Cox, David R},
  journal={{JR Stat. Soc. Ser. B}},
  volume={34},
  pages={187--220},
  year={1972}
}

@article{curtis2012genomic,
  title={The genomic and transcriptomic architecture of 2,000 breast tumours reveals novel subgroups},
  author={Curtis, Christina and Shah, Sohrab P and Chin, Suet-Feung and Turashvili, Gulisa and Rueda, Oscar M and Dunning, Mark J and Speed, Doug and Lynch, Andy G and Samarajiwa, Shamith and Yuan, Yinyin and others},
  journal={Nature},
  volume={486},
  number={7403},
  pages={346},
  year={2012},
  publisher={Nature Publishing Group}
}

@article{storey2003,
author = "Storey, John D.",
doi = "10.1214/aos/1074290335",
fjournal = "The Annals of Statistics",
journal = "Ann. Statist.",
month = "12",
number = "6",
pages = "2013--2035",
publisher = "The Institute of Mathematical Statistics",
title = "The positive false discovery rate: a Bayesian interpretation and the q -value",
url = "https://doi.org/10.1214/aos/1074290335",
volume = "31",
year = "2003"
}

@article{smedley2015biomart,
  title={The {BioMart} community portal: an innovative alternative to large, centralized data repositories},
  author={Smedley, Damian and Haider, Syed and Durinck, Steffen and Pandini, Luca and Provero, Paolo and Allen, James and Arnaiz, Olivier and Awedh, Mohammad Hamza and Baldock, Richard and Barbiera, Giulia and others},
  journal={Nucleic {A}cids {R}esearch},
  volume={43},
  number={W1},
  pages={W589--W598},
  year={2015},
  publisher={Oxford University Press}
}
@software{cameron_davidson_pilon_2020_4002777,
  author       = {Cameron Davidson-Pilon and
                  Jonas Kalderstam and
                  Noah Jacobson and
                  sean-reed and
                  Ben Kuhn and
                  Paul Zivich and
                  Mike Williamson and
                  AbdealiJK and
                  Deepyaman Datta and
                  Andrew Fiore-Gartland and
                  Alex Parij and
                  Daniel WIlson and
                  Gabriel and
                  Luis Moneda and
                  Arturo Moncada-Torres and
                  Kyle Stark and
                  Harsh Gadgil and
                  Jona and
                  Karthikeyan Singaravelan and
                  Lilian Besson and
                  Miguel Sancho Peña and
                  Steven Anton and
                  Andreas Klintberg and
                  GrowthJeff and
                  Javad Noorbakhsh and
                  Matthew Begun and
                  Ravin Kumar and
                  Sean Hussey and
                  Dave Golland and
                  jlim13},
  title        = {CamDavidsonPilon/lifelines: v0.25.4},
  month        = aug,
  year         = 2020,
  publisher    = {Zenodo},
  version      = {v0.25.4},
  doi          = {10.5281/zenodo.4002777},
  url          = {https://doi.org/10.5281/zenodo.4002777}
}

@article{gorbatenko2014regulation,
  title={Regulation and roles of bicarbonate transport in cancer},
  author={Gorbatenko, Andrej and Olesen, Christina Wilkens and Boedtkjer, Ebbe and Pedersen, Stine Falsig},
  journal={Frontiers in {P}hysiology},
  volume={5},
  pages={130},
  year={2014},
  publisher={Frontiers}
}
@article{moasser2007oncogene,
  title={The oncogene HER2: its signaling and transforming functions and its role in human cancer pathogenesis},
  author={Moasser, Mark M},
  journal={Oncogene},
  volume={26},
  number={45},
  pages={6469--6487},
  year={2007},
  publisher={Nature Publishing Group}
}
@article{gilis2020pitfalls,
  title={Pitfalls in re-analysis of observational omics studies: a post-mortem of the human pathology atlas.},
  author={Gilis, Jeroen and Taelman, Steff and Davey, Lucas and Martens, Lennart and Clement, Lieven},
  journal={{BioRxiv}},
  year={2020},
  publisher={Cold Spring Harbor Laboratory}
}

@book{kleinbaum2010survival,
  title={Survival analysis},
  author={Kleinbaum, David G and Klein, Mitchel},
  year={2010},
  publisher={Springer}
}

@article{scikit-learn,
 title={Scikit-learn: Machine Learning in {P}ython},
 author={Pedregosa, F. and Varoquaux, G. and Gramfort, A. and Michel, V.
         and Thirion, B. and Grisel, O. and Blondel, M. and Prettenhofer, P.
         and Weiss, R. and Dubourg, V. and Vanderplas, J. and Passos, A. and
         Cournapeau, D. and Brucher, M. and Perrot, M. and Duchesnay, E.},
 journal={{Journal of Machine Learning Research}},
 volume={12},
 pages={2825--2830},
 year={2011}
}
@article{barbie2009systematic,
  title={Systematic RNA interference reveals that oncogenic KRAS-driven cancers require TBK1},
  author={Barbie, David A and Tamayo, Pablo and Boehm, Jesse S and Kim, So Young and Moody, Susan E and Dunn, Ian F and Schinzel, Anna C and Sandy, Peter and Meylan, Etienne and Scholl, Claudia and others},
  journal={Nature},
  volume={462},
  number={7269},
  pages={108--112},
  year={2009},
  publisher={Nature Publishing Group}
}
@article{uno2011c,
  title={On the C-statistics for evaluating overall adequacy of risk prediction procedures with censored survival data},
  author={Uno, Hajime and Cai, Tianxi and Pencina, Michael J and D'Agostino, Ralph B and Wei, Lee-Jen},
  journal={Statistics in medicine},
  volume={30},
  number={10},
  pages={1105--1117},
  year={2011},
  publisher={Wiley Online Library}
}

@article{forshed2011enhanced,
  title={Enhanced information output from shotgun proteomics data by protein quantification and peptide quality control (PQPQ)},
  author={Forshed, Jenny and Johansson, Henrik J and Pernemalm, Maria and Branca, Rui MM and Sandberg, AnnSofi and Lehti{\"o}, Janne},
  journal={Molecular \& {C}ellular {P}roteomics},
  volume={10},
  number={10},
  year={2011},
  publisher={ASBMB}
}

@article{goeminne2016peptide,
  title={Peptide-level robust ridge regression improves estimation, sensitivity, and specificity in data-dependent quantitative label-free shotgun proteomics},
  author={Goeminne, LudgerJ E and Gevaert, Kris and Clement, Lieven},
  journal={Molecular \& {C}ellular {P}roteomics},
  volume={15},
  number={2},
  pages={657--668},
  year={2016},
  publisher={ASBMB}
}

@article{tsou2015dia,
  title={DIA-Umpire: comprehensive computational framework for data-independent acquisition proteomics},
  author={Tsou, Chih-Chiang and Avtonomov, Dmitry and Larsen, Brett and Tucholska, Monika and Choi, Hyungwon and Gingras, Anne-Claude and Nesvizhskii, Alexey I},
  journal={Nature {M}ethods},
  volume={12},
  number={3},
  pages={258--264},
  year={2015},
  publisher={Nature Publishing Group}
}
@article{venable2004automated,
  title={Automated approach for quantitative analysis of complex peptide mixtures from tandem mass spectra},
  author={Venable, John D and Dong, Meng-Qiu and Wohlschlegel, James and Dillin, Andrew and Yates, John R},
  journal={Nature {M}ethods},
  volume={1},
  number={1},
  pages={39--45},
  year={2004},
  publisher={Nature Publishing Group}
}
@article{bern2010deconvolution,
  title={Deconvolution of mixture spectra from ion-trap data-independent-acquisition tandem mass spectrometry},
  author={Bern, Marshall and Finney, Gregory and Hoopmann, Michael R and Merrihew, Gennifer and Toth, Michael J and MacCoss, Michael J},
  journal={Analytical {C}hemistry},
  volume={82},
  number={3},
  pages={833--841},
  year={2010},
  publisher={ACS Publications}
}
